<record><leader>00000cas a22000007a 4500</leader><controlfield tag="001">19645725</controlfield><controlfield tag="008">890502d19111939idudn ne      0    0eng d</controlfield><datafield ind1=" " ind2=" " tag="010"><subfield code="a">sn 89055128 </subfield></datafield><datafield ind1=" " ind2=" " tag="040"><subfield code="a">NVB</subfield><subfield code="b">eng</subfield><subfield code="c">NVB</subfield><subfield code="d">OCLCQ</subfield><subfield code="d">OCLCF</subfield><subfield code="d">OCLCO</subfield></datafield><datafield ind1=" " ind2=" " tag="042"><subfield code="a">msc</subfield></datafield><datafield ind1=" " ind2=" " tag="043"><subfield code="a">n-us-id</subfield></datafield><datafield ind1="0" ind2="4" tag="245"><subfield code="a">The Daily star-mirror.</subfield></datafield><datafield ind1=" " ind2=" " tag="260"><subfield code="a">Moscow, Idaho :</subfield><subfield code="b">J. Yost &amp; P. Orcutt</subfield></datafield><datafield ind1=" " ind2=" " tag="300"><subfield code="a">v.</subfield></datafield><datafield ind1=" " ind2=" " tag="310"><subfield code="a">Daily (except Sun. &amp; hol.)</subfield></datafield><datafield ind1="0" ind2=" " tag="362"><subfield code="a">Vol. 1, no. 1 (Sept. 28, 1911)-v. 31, no. 39 (Oct. 31, 1939).</subfield></datafield><datafield ind1=" " ind2=" " tag="580"><subfield code="a">Weekly eds.: Star-mirror (Moscow, Idaho : 1906), Sept. 28, 1911-&lt;1918&gt;, and: Idaho post, &lt;1918&gt;-Jan. 4, 1935, and: Star-mirror (Moscow, Idaho : 1935), Jan. 11, 1935-&lt;1936&gt;.</subfield></datafield><datafield ind1=" " ind2="0" tag="651"><subfield code="a">Moscow (Idaho)</subfield><subfield code="v">Newspapers.</subfield></datafield><datafield ind1=" " ind2="7" tag="655"><subfield code="a">Newspapers.</subfield><subfield code="2">fast</subfield><subfield code="0">(OCoLC)fst01423814</subfield></datafield><datafield ind1=" " ind2="7" tag="651"><subfield code="a">Idaho</subfield><subfield code="z">Moscow.</subfield><subfield code="2">fast</subfield><subfield code="0">(OCoLC)fst01230146</subfield></datafield><datafield ind1=" " ind2=" " tag="752"><subfield code="a">United States</subfield><subfield code="b">Idaho</subfield><subfield code="c">Latah</subfield><subfield code="d">Moscow.</subfield></datafield><datafield ind1="1" ind2=" " tag="775"><subfield code="t">Star-mirror (Moscow, Idaho : 1906)</subfield><subfield code="w">(DLC)sn 86091120</subfield></datafield><datafield ind1="1" ind2=" " tag="775"><subfield code="t">Idaho post</subfield><subfield code="w">(DLC)sn 86091116</subfield></datafield><datafield ind1="1" ind2=" " tag="775"><subfield code="t">Star-mirror (Moscow, Idaho : 1935)</subfield><subfield code="w">(DLC)sn 86091117</subfield></datafield><datafield ind1="0" ind2="4" tag="785"><subfield code="t">Daily news-review (Moscow, Idaho)</subfield><subfield code="w">(DLC)sn 86091118</subfield></datafield><datafield ind1="0" ind2="4" tag="785"><subfield code="t">Daily news-review &amp; daily star-mirror</subfield><subfield code="w">(DLC)sn 89055125</subfield></datafield></record>